@article{QNN-VRCS,
  author={Innan, Nouhaila and Behera, Bikash K. and Al-Kuwari, Saif and Farouk, Ahmed},
  journal={IEEE Transactions on Intelligent Transportation Systems}, 
  title={QNN-VRCS: A Quantum Neural Network for Vehicle Road Cooperation Systems}, 
  year={2025},
  volume={},
  number={},
  pages={1-10},
  keywords={Accuracy;Classification algorithms;Logic gates;Image coding;Roads;Artificial intelligence;Transportation;Neural networks;Adaptation models;Quantum algorithm;Quantum neural network;quantum support vector machine;vehicle road cooperation systems;6G;traffic management},
  doi={10.1109/TITS.2025.3538786}}
